%YAML 1.1
%TAG !u! tag:unity3d.com,2011:
--- !u!1 &7439596529045114753
GameObject:
  m_ObjectHideFlags: 0
  m_CorrespondingSourceObject: {fileID: 0}
  m_PrefabInstance: {fileID: 0}
  m_PrefabAsset: {fileID: 0}
  serializedVersion: 6
  m_Component:
  - component: {fileID: 132209013682335815}
  - component: {fileID: 3247390215441180153}
  - component: {fileID: 6809908597439476985}
  - component: {fileID: -82939306665781867}
  - component: {fileID: 4639254946448137001}
  m_Layer: 12
  m_Name: Tornado
  m_TagString: PlayerAttack
  m_Icon: {fileID: 0}
  m_NavMeshLayer: 0
  m_StaticEditorFlags: 0
  m_IsActive: 1
--- !u!4 &132209013682335815
Transform:
  m_ObjectHideFlags: 0
  m_CorrespondingSourceObject: {fileID: 0}
  m_PrefabInstance: {fileID: 0}
  m_PrefabAsset: {fileID: 0}
  m_GameObject: {fileID: 7439596529045114753}
  m_LocalRotation: {x: -0, y: -0, z: -0, w: 1}
  m_LocalPosition: {x: -0.5948565, y: -0.40356067, z: 0}
  m_LocalScale: {x: 1, y: 1, z: 1}
  m_Children:
  - {fileID: 8314909311893307286}
  - {fileID: 3110194248744059156}
  - {fileID: 1915595216952536578}
  - {fileID: 2267403505767842176}
  - {fileID: 5261295602206971928}
  - {fileID: 2586758428101896357}
  - {fileID: 2506867138479089874}
  - {fileID: 8321814127137329494}
  - {fileID: 480293396228247095}
  - {fileID: 4920665563793282181}
  - {fileID: 2346281959376159129}
  - {fileID: 1887173485861876050}
  - {fileID: 172765793944311157}
  - {fileID: 4001705464019930262}
  - {fileID: 3207694728764184016}
  - {fileID: 8708978357376283379}
  - {fileID: 1343378443994099230}
  - {fileID: 7289210407775838730}
  - {fileID: 8750811585811294382}
  - {fileID: 666701936085568693}
  - {fileID: 9222112074145348173}
  - {fileID: 611346627356274005}
  m_Father: {fileID: 0}
  m_RootOrder: 0
  m_LocalEulerAnglesHint: {x: 0, y: 0, z: 0}
--- !u!212 &3247390215441180153
SpriteRenderer:
  m_ObjectHideFlags: 0
  m_CorrespondingSourceObject: {fileID: 0}
  m_PrefabInstance: {fileID: 0}
  m_PrefabAsset: {fileID: 0}
  m_GameObject: {fileID: 7439596529045114753}
  m_Enabled: 1
  m_CastShadows: 0
  m_ReceiveShadows: 0
  m_DynamicOccludee: 1
  m_MotionVectors: 1
  m_LightProbeUsage: 1
  m_ReflectionProbeUsage: 1
  m_RenderingLayerMask: 1
  m_RendererPriority: 0
  m_Materials:
  - {fileID: 10754, guid: 0000000000000000f000000000000000, type: 0}
  m_StaticBatchInfo:
    firstSubMesh: 0
    subMeshCount: 0
  m_StaticBatchRoot: {fileID: 0}
  m_ProbeAnchor: {fileID: 0}
  m_LightProbeVolumeOverride: {fileID: 0}
  m_ScaleInLightmap: 1
  m_ReceiveGI: 1
  m_PreserveUVs: 0
  m_IgnoreNormalsForChartDetection: 0
  m_ImportantGI: 0
  m_StitchLightmapSeams: 1
  m_SelectedEditorRenderState: 0
  m_MinimumChartSize: 4
  m_AutoUVMaxDistance: 0.5
  m_AutoUVMaxAngle: 89
  m_LightmapParameters: {fileID: 0}
  m_SortingLayerID: 0
  m_SortingLayer: 0
  m_SortingOrder: 0
  m_Sprite: {fileID: 21300000, guid: 7542153f22f40de48a33c320c0126c4f, type: 3}
  m_Color: {r: 1, g: 1, b: 1, a: 1}
  m_FlipX: 0
  m_FlipY: 0
  m_DrawMode: 0
  m_Size: {x: 0.87, y: 1.16}
  m_AdaptiveModeThreshold: 0.5
  m_SpriteTileMode: 0
  m_WasSpriteAssigned: 1
  m_MaskInteraction: 0
  m_SpriteSortPoint: 0
--- !u!95 &6809908597439476985
Animator:
  serializedVersion: 3
  m_ObjectHideFlags: 0
  m_CorrespondingSourceObject: {fileID: 0}
  m_PrefabInstance: {fileID: 0}
  m_PrefabAsset: {fileID: 0}
  m_GameObject: {fileID: 7439596529045114753}
  m_Enabled: 1
  m_Avatar: {fileID: 0}
  m_Controller: {fileID: 9100000, guid: 37634d213b9556e4d8f6d37b23d79897, type: 2}
  m_CullingMode: 0
  m_UpdateMode: 0
  m_ApplyRootMotion: 0
  m_LinearVelocityBlending: 0
  m_WarningMessage: 
  m_HasTransformHierarchy: 1
  m_AllowConstantClipSamplingOptimization: 1
  m_KeepAnimatorControllerStateOnDisable: 0
--- !u!114 &-82939306665781867
MonoBehaviour:
  m_ObjectHideFlags: 0
  m_CorrespondingSourceObject: {fileID: 0}
  m_PrefabInstance: {fileID: 0}
  m_PrefabAsset: {fileID: 0}
  m_GameObject: {fileID: 7439596529045114753}
  m_Enabled: 1
  m_EditorHideFlags: 0
  m_Script: {fileID: 11500000, guid: a43244ba893f03342b77f0c8f6d64459, type: 3}
  m_Name: 
  m_EditorClassIdentifier: 
  playerData: {fileID: 0}
  moveSpeed: 4
  delay: 0.1
  tornadoSpotThreshold: 0.01
  tornadoSpots:
  - {fileID: 8314909311893307286}
  - {fileID: 3110194248744059156}
  - {fileID: 1915595216952536578}
  - {fileID: 2267403505767842176}
  - {fileID: 5261295602206971928}
  - {fileID: 2586758428101896357}
  - {fileID: 2506867138479089874}
  - {fileID: 8321814127137329494}
  - {fileID: 480293396228247095}
  - {fileID: 4920665563793282181}
  - {fileID: 2346281959376159129}
  - {fileID: 1887173485861876050}
  - {fileID: 172765793944311157}
  - {fileID: 4001705464019930262}
  - {fileID: 3207694728764184016}
  - {fileID: 8708978357376283379}
  - {fileID: 1343378443994099230}
  - {fileID: 7289210407775838730}
  - {fileID: 8750811585811294382}
  - {fileID: 666701936085568693}
  - {fileID: 9222112074145348173}
  - {fileID: 611346627356274005}
--- !u!70 &4639254946448137001
CapsuleCollider2D:
  m_ObjectHideFlags: 0
  m_CorrespondingSourceObject: {fileID: 0}
  m_PrefabInstance: {fileID: 0}
  m_PrefabAsset: {fileID: 0}
  m_GameObject: {fileID: 7439596529045114753}
  m_Enabled: 1
  m_Density: 1
  m_Material: {fileID: 0}
  m_IsTrigger: 0
  m_UsedByEffector: 0
  m_UsedByComposite: 0
  m_Offset: {x: 0, y: 0.044469833}
  m_Size: {x: 0.87, y: 1.2489396}
  m_Direction: 0
--- !u!1001 &30275444673754168
PrefabInstance:
  m_ObjectHideFlags: 0
  serializedVersion: 2
  m_Modification:
    m_TransformParent: {fileID: 132209013682335815}
    m_Modifications:
    - target: {fileID: 7904058525339791656, guid: 98232124969cc2d49af5d7586d2169d6,
        type: 3}
      propertyPath: m_Name
      value: tornadoSpots (29)
      objectReference: {fileID: 0}
    - target: {fileID: 8726480317928807574, guid: 98232124969cc2d49af5d7586d2169d6,
        type: 3}
      propertyPath: m_LocalPosition.x
      value: -2.92
      objectReference: {fileID: 0}
    - target: {fileID: 8726480317928807574, guid: 98232124969cc2d49af5d7586d2169d6,
        type: 3}
      propertyPath: m_LocalPosition.y
      value: 0.49
      objectReference: {fileID: 0}
    - target: {fileID: 8726480317928807574, guid: 98232124969cc2d49af5d7586d2169d6,
        type: 3}
      propertyPath: m_LocalPosition.z
      value: 0.06996608
      objectReference: {fileID: 0}
    - target: {fileID: 8726480317928807574, guid: 98232124969cc2d49af5d7586d2169d6,
        type: 3}
      propertyPath: m_LocalRotation.x
      value: -0
      objectReference: {fileID: 0}
    - target: {fileID: 8726480317928807574, guid: 98232124969cc2d49af5d7586d2169d6,
        type: 3}
      propertyPath: m_LocalRotation.y
      value: -0
      objectReference: {fileID: 0}
    - target: {fileID: 8726480317928807574, guid: 98232124969cc2d49af5d7586d2169d6,
        type: 3}
      propertyPath: m_LocalRotation.z
      value: -0
      objectReference: {fileID: 0}
    - target: {fileID: 8726480317928807574, guid: 98232124969cc2d49af5d7586d2169d6,
        type: 3}
      propertyPath: m_LocalRotation.w
      value: 1
      objectReference: {fileID: 0}
    - target: {fileID: 8726480317928807574, guid: 98232124969cc2d49af5d7586d2169d6,
        type: 3}
      propertyPath: m_RootOrder
      value: 18
      objectReference: {fileID: 0}
    - target: {fileID: 8726480317928807574, guid: 98232124969cc2d49af5d7586d2169d6,
        type: 3}
      propertyPath: m_LocalEulerAnglesHint.x
      value: 0
      objectReference: {fileID: 0}
    - target: {fileID: 8726480317928807574, guid: 98232124969cc2d49af5d7586d2169d6,
        type: 3}
      propertyPath: m_LocalEulerAnglesHint.y
      value: 0
      objectReference: {fileID: 0}
    - target: {fileID: 8726480317928807574, guid: 98232124969cc2d49af5d7586d2169d6,
        type: 3}
      propertyPath: m_LocalEulerAnglesHint.z
      value: 0
      objectReference: {fileID: 0}
    m_RemovedComponents: []
  m_SourcePrefab: {fileID: 100100000, guid: 98232124969cc2d49af5d7586d2169d6, type: 3}
--- !u!4 &8750811585811294382 stripped
Transform:
  m_CorrespondingSourceObject: {fileID: 8726480317928807574, guid: 98232124969cc2d49af5d7586d2169d6,
    type: 3}
  m_PrefabInstance: {fileID: 30275444673754168}
  m_PrefabAsset: {fileID: 0}
--- !u!1001 &127840430677028453
PrefabInstance:
  m_ObjectHideFlags: 0
  serializedVersion: 2
  m_Modification:
    m_TransformParent: {fileID: 132209013682335815}
    m_Modifications:
    - target: {fileID: 7904058525339791656, guid: 98232124969cc2d49af5d7586d2169d6,
        type: 3}
      propertyPath: m_Name
      value: tornadoSpots (24)
      objectReference: {fileID: 0}
    - target: {fileID: 8726480317928807574, guid: 98232124969cc2d49af5d7586d2169d6,
        type: 3}
      propertyPath: m_LocalPosition.x
      value: -1.11
      objectReference: {fileID: 0}
    - target: {fileID: 8726480317928807574, guid: 98232124969cc2d49af5d7586d2169d6,
        type: 3}
      propertyPath: m_LocalPosition.y
      value: 2.26
      objectReference: {fileID: 0}
    - target: {fileID: 8726480317928807574, guid: 98232124969cc2d49af5d7586d2169d6,
        type: 3}
      propertyPath: m_LocalPosition.z
      value: 0.06996608
      objectReference: {fileID: 0}
    - target: {fileID: 8726480317928807574, guid: 98232124969cc2d49af5d7586d2169d6,
        type: 3}
      propertyPath: m_LocalRotation.x
      value: -0
      objectReference: {fileID: 0}
    - target: {fileID: 8726480317928807574, guid: 98232124969cc2d49af5d7586d2169d6,
        type: 3}
      propertyPath: m_LocalRotation.y
      value: -0
      objectReference: {fileID: 0}
    - target: {fileID: 8726480317928807574, guid: 98232124969cc2d49af5d7586d2169d6,
        type: 3}
      propertyPath: m_LocalRotation.z
      value: -0
      objectReference: {fileID: 0}
    - target: {fileID: 8726480317928807574, guid: 98232124969cc2d49af5d7586d2169d6,
        type: 3}
      propertyPath: m_LocalRotation.w
      value: 1
      objectReference: {fileID: 0}
    - target: {fileID: 8726480317928807574, guid: 98232124969cc2d49af5d7586d2169d6,
        type: 3}
      propertyPath: m_RootOrder
      value: 15
      objectReference: {fileID: 0}
    - target: {fileID: 8726480317928807574, guid: 98232124969cc2d49af5d7586d2169d6,
        type: 3}
      propertyPath: m_LocalEulerAnglesHint.x
      value: 0
      objectReference: {fileID: 0}
    - target: {fileID: 8726480317928807574, guid: 98232124969cc2d49af5d7586d2169d6,
        type: 3}
      propertyPath: m_LocalEulerAnglesHint.y
      value: 0
      objectReference: {fileID: 0}
    - target: {fileID: 8726480317928807574, guid: 98232124969cc2d49af5d7586d2169d6,
        type: 3}
      propertyPath: m_LocalEulerAnglesHint.z
      value: 0
      objectReference: {fileID: 0}
    m_RemovedComponents: []
  m_SourcePrefab: {fileID: 100100000, guid: 98232124969cc2d49af5d7586d2169d6, type: 3}
--- !u!4 &8708978357376283379 stripped
Transform:
  m_CorrespondingSourceObject: {fileID: 8726480317928807574, guid: 98232124969cc2d49af5d7586d2169d6,
    type: 3}
  m_PrefabInstance: {fileID: 127840430677028453}
  m_PrefabAsset: {fileID: 0}
--- !u!1001 &495723129550907099
PrefabInstance:
  m_ObjectHideFlags: 0
  serializedVersion: 2
  m_Modification:
    m_TransformParent: {fileID: 132209013682335815}
    m_Modifications:
    - target: {fileID: 7904058525339791656, guid: 98232124969cc2d49af5d7586d2169d6,
        type: 3}
      propertyPath: m_Name
      value: tornadoSpots (32)
      objectReference: {fileID: 0}
    - target: {fileID: 8726480317928807574, guid: 98232124969cc2d49af5d7586d2169d6,
        type: 3}
      propertyPath: m_LocalPosition.x
      value: 0.91084325
      objectReference: {fileID: 0}
    - target: {fileID: 8726480317928807574, guid: 98232124969cc2d49af5d7586d2169d6,
        type: 3}
      propertyPath: m_LocalPosition.y
      value: -3.1310387
      objectReference: {fileID: 0}
    - target: {fileID: 8726480317928807574, guid: 98232124969cc2d49af5d7586d2169d6,
        type: 3}
      propertyPath: m_LocalPosition.z
      value: 0.06996608
      objectReference: {fileID: 0}
    - target: {fileID: 8726480317928807574, guid: 98232124969cc2d49af5d7586d2169d6,
        type: 3}
      propertyPath: m_LocalRotation.x
      value: -0
      objectReference: {fileID: 0}
    - target: {fileID: 8726480317928807574, guid: 98232124969cc2d49af5d7586d2169d6,
        type: 3}
      propertyPath: m_LocalRotation.y
      value: -0
      objectReference: {fileID: 0}
    - target: {fileID: 8726480317928807574, guid: 98232124969cc2d49af5d7586d2169d6,
        type: 3}
      propertyPath: m_LocalRotation.z
      value: -0
      objectReference: {fileID: 0}
    - target: {fileID: 8726480317928807574, guid: 98232124969cc2d49af5d7586d2169d6,
        type: 3}
      propertyPath: m_LocalRotation.w
      value: 1
      objectReference: {fileID: 0}
    - target: {fileID: 8726480317928807574, guid: 98232124969cc2d49af5d7586d2169d6,
        type: 3}
      propertyPath: m_RootOrder
      value: 20
      objectReference: {fileID: 0}
    - target: {fileID: 8726480317928807574, guid: 98232124969cc2d49af5d7586d2169d6,
        type: 3}
      propertyPath: m_LocalEulerAnglesHint.x
      value: 0
      objectReference: {fileID: 0}
    - target: {fileID: 8726480317928807574, guid: 98232124969cc2d49af5d7586d2169d6,
        type: 3}
      propertyPath: m_LocalEulerAnglesHint.y
      value: 0
      objectReference: {fileID: 0}
    - target: {fileID: 8726480317928807574, guid: 98232124969cc2d49af5d7586d2169d6,
        type: 3}
      propertyPath: m_LocalEulerAnglesHint.z
      value: 0
      objectReference: {fileID: 0}
    m_RemovedComponents: []
  m_SourcePrefab: {fileID: 100100000, guid: 98232124969cc2d49af5d7586d2169d6, type: 3}
--- !u!4 &9222112074145348173 stripped
Transform:
  m_CorrespondingSourceObject: {fileID: 8726480317928807574, guid: 98232124969cc2d49af5d7586d2169d6,
    type: 3}
  m_PrefabInstance: {fileID: 495723129550907099}
  m_PrefabAsset: {fileID: 0}
--- !u!1001 &749755084217028032
PrefabInstance:
  m_ObjectHideFlags: 0
  serializedVersion: 2
  m_Modification:
    m_TransformParent: {fileID: 132209013682335815}
    m_Modifications:
    - target: {fileID: 7904058525339791656, guid: 98232124969cc2d49af5d7586d2169d6,
        type: 3}
      propertyPath: m_Name
      value: tornadoSpots (11)
      objectReference: {fileID: 0}
    - target: {fileID: 8726480317928807574, guid: 98232124969cc2d49af5d7586d2169d6,
        type: 3}
      propertyPath: m_LocalPosition.x
      value: 1.2991763
      objectReference: {fileID: 0}
    - target: {fileID: 8726480317928807574, guid: 98232124969cc2d49af5d7586d2169d6,
        type: 3}
      propertyPath: m_LocalPosition.y
      value: 1.1782084
      objectReference: {fileID: 0}
    - target: {fileID: 8726480317928807574, guid: 98232124969cc2d49af5d7586d2169d6,
        type: 3}
      propertyPath: m_LocalPosition.z
      value: 0.06996608
      objectReference: {fileID: 0}
    - target: {fileID: 8726480317928807574, guid: 98232124969cc2d49af5d7586d2169d6,
        type: 3}
      propertyPath: m_LocalRotation.x
      value: -0
      objectReference: {fileID: 0}
    - target: {fileID: 8726480317928807574, guid: 98232124969cc2d49af5d7586d2169d6,
        type: 3}
      propertyPath: m_LocalRotation.y
      value: -0
      objectReference: {fileID: 0}
    - target: {fileID: 8726480317928807574, guid: 98232124969cc2d49af5d7586d2169d6,
        type: 3}
      propertyPath: m_LocalRotation.z
      value: -0
      objectReference: {fileID: 0}
    - target: {fileID: 8726480317928807574, guid: 98232124969cc2d49af5d7586d2169d6,
        type: 3}
      propertyPath: m_LocalRotation.w
      value: 1
      objectReference: {fileID: 0}
    - target: {fileID: 8726480317928807574, guid: 98232124969cc2d49af5d7586d2169d6,
        type: 3}
      propertyPath: m_RootOrder
      value: 7
      objectReference: {fileID: 0}
    - target: {fileID: 8726480317928807574, guid: 98232124969cc2d49af5d7586d2169d6,
        type: 3}
      propertyPath: m_LocalEulerAnglesHint.x
      value: 0
      objectReference: {fileID: 0}
    - target: {fileID: 8726480317928807574, guid: 98232124969cc2d49af5d7586d2169d6,
        type: 3}
      propertyPath: m_LocalEulerAnglesHint.y
      value: 0
      objectReference: {fileID: 0}
    - target: {fileID: 8726480317928807574, guid: 98232124969cc2d49af5d7586d2169d6,
        type: 3}
      propertyPath: m_LocalEulerAnglesHint.z
      value: 0
      objectReference: {fileID: 0}
    m_RemovedComponents: []
  m_SourcePrefab: {fileID: 100100000, guid: 98232124969cc2d49af5d7586d2169d6, type: 3}
--- !u!4 &8321814127137329494 stripped
Transform:
  m_CorrespondingSourceObject: {fileID: 8726480317928807574, guid: 98232124969cc2d49af5d7586d2169d6,
    type: 3}
  m_PrefabInstance: {fileID: 749755084217028032}
  m_PrefabAsset: {fileID: 0}
--- !u!1001 &756273141284168448
PrefabInstance:
  m_ObjectHideFlags: 0
  serializedVersion: 2
  m_Modification:
    m_TransformParent: {fileID: 132209013682335815}
    m_Modifications:
    - target: {fileID: 7904058525339791656, guid: 98232124969cc2d49af5d7586d2169d6,
        type: 3}
      propertyPath: m_Name
      value: tornadoSpots (1)
      objectReference: {fileID: 0}
    - target: {fileID: 8726480317928807574, guid: 98232124969cc2d49af5d7586d2169d6,
        type: 3}
      propertyPath: m_LocalPosition.x
      value: -0.45
      objectReference: {fileID: 0}
    - target: {fileID: 8726480317928807574, guid: 98232124969cc2d49af5d7586d2169d6,
        type: 3}
      propertyPath: m_LocalPosition.y
      value: -1.36
      objectReference: {fileID: 0}
    - target: {fileID: 8726480317928807574, guid: 98232124969cc2d49af5d7586d2169d6,
        type: 3}
      propertyPath: m_LocalPosition.z
      value: 0.06996608
      objectReference: {fileID: 0}
    - target: {fileID: 8726480317928807574, guid: 98232124969cc2d49af5d7586d2169d6,
        type: 3}
      propertyPath: m_LocalRotation.x
      value: -0
      objectReference: {fileID: 0}
    - target: {fileID: 8726480317928807574, guid: 98232124969cc2d49af5d7586d2169d6,
        type: 3}
      propertyPath: m_LocalRotation.y
      value: -0
      objectReference: {fileID: 0}
    - target: {fileID: 8726480317928807574, guid: 98232124969cc2d49af5d7586d2169d6,
        type: 3}
      propertyPath: m_LocalRotation.z
      value: -0
      objectReference: {fileID: 0}
    - target: {fileID: 8726480317928807574, guid: 98232124969cc2d49af5d7586d2169d6,
        type: 3}
      propertyPath: m_LocalRotation.w
      value: 1
      objectReference: {fileID: 0}
    - target: {fileID: 8726480317928807574, guid: 98232124969cc2d49af5d7586d2169d6,
        type: 3}
      propertyPath: m_RootOrder
      value: 0
      objectReference: {fileID: 0}
    - target: {fileID: 8726480317928807574, guid: 98232124969cc2d49af5d7586d2169d6,
        type: 3}
      propertyPath: m_LocalEulerAnglesHint.x
      value: 0
      objectReference: {fileID: 0}
    - target: {fileID: 8726480317928807574, guid: 98232124969cc2d49af5d7586d2169d6,
        type: 3}
      propertyPath: m_LocalEulerAnglesHint.y
      value: 0
      objectReference: {fileID: 0}
    - target: {fileID: 8726480317928807574, guid: 98232124969cc2d49af5d7586d2169d6,
        type: 3}
      propertyPath: m_LocalEulerAnglesHint.z
      value: 0
      objectReference: {fileID: 0}
    m_RemovedComponents: []
  m_SourcePrefab: {fileID: 100100000, guid: 98232124969cc2d49af5d7586d2169d6, type: 3}
--- !u!4 &8314909311893307286 stripped
Transform:
  m_CorrespondingSourceObject: {fileID: 8726480317928807574, guid: 98232124969cc2d49af5d7586d2169d6,
    type: 3}
  m_PrefabInstance: {fileID: 756273141284168448}
  m_PrefabAsset: {fileID: 0}
--- !u!1001 &2031921281059438236
PrefabInstance:
  m_ObjectHideFlags: 0
  serializedVersion: 2
  m_Modification:
    m_TransformParent: {fileID: 132209013682335815}
    m_Modifications:
    - target: {fileID: 7904058525339791656, guid: 98232124969cc2d49af5d7586d2169d6,
        type: 3}
      propertyPath: m_Name
      value: tornadoSpots (28)
      objectReference: {fileID: 0}
    - target: {fileID: 8726480317928807574, guid: 98232124969cc2d49af5d7586d2169d6,
        type: 3}
      propertyPath: m_LocalPosition.x
      value: -0.7802856
      objectReference: {fileID: 0}
    - target: {fileID: 8726480317928807574, guid: 98232124969cc2d49af5d7586d2169d6,
        type: 3}
      propertyPath: m_LocalPosition.y
      value: -2.7176514
      objectReference: {fileID: 0}
    - target: {fileID: 8726480317928807574, guid: 98232124969cc2d49af5d7586d2169d6,
        type: 3}
      propertyPath: m_LocalPosition.z
      value: 0.06996608
      objectReference: {fileID: 0}
    - target: {fileID: 8726480317928807574, guid: 98232124969cc2d49af5d7586d2169d6,
        type: 3}
      propertyPath: m_LocalRotation.x
      value: -0
      objectReference: {fileID: 0}
    - target: {fileID: 8726480317928807574, guid: 98232124969cc2d49af5d7586d2169d6,
        type: 3}
      propertyPath: m_LocalRotation.y
      value: -0
      objectReference: {fileID: 0}
    - target: {fileID: 8726480317928807574, guid: 98232124969cc2d49af5d7586d2169d6,
        type: 3}
      propertyPath: m_LocalRotation.z
      value: -0
      objectReference: {fileID: 0}
    - target: {fileID: 8726480317928807574, guid: 98232124969cc2d49af5d7586d2169d6,
        type: 3}
      propertyPath: m_LocalRotation.w
      value: 1
      objectReference: {fileID: 0}
    - target: {fileID: 8726480317928807574, guid: 98232124969cc2d49af5d7586d2169d6,
        type: 3}
      propertyPath: m_RootOrder
      value: 17
      objectReference: {fileID: 0}
    - target: {fileID: 8726480317928807574, guid: 98232124969cc2d49af5d7586d2169d6,
        type: 3}
      propertyPath: m_LocalEulerAnglesHint.x
      value: 0
      objectReference: {fileID: 0}
    - target: {fileID: 8726480317928807574, guid: 98232124969cc2d49af5d7586d2169d6,
        type: 3}
      propertyPath: m_LocalEulerAnglesHint.y
      value: 0
      objectReference: {fileID: 0}
    - target: {fileID: 8726480317928807574, guid: 98232124969cc2d49af5d7586d2169d6,
        type: 3}
      propertyPath: m_LocalEulerAnglesHint.z
      value: 0
      objectReference: {fileID: 0}
    m_RemovedComponents: []
  m_SourcePrefab: {fileID: 100100000, guid: 98232124969cc2d49af5d7586d2169d6, type: 3}
--- !u!4 &7289210407775838730 stripped
Transform:
  m_CorrespondingSourceObject: {fileID: 8726480317928807574, guid: 98232124969cc2d49af5d7586d2169d6,
    type: 3}
  m_PrefabInstance: {fileID: 2031921281059438236}
  m_PrefabAsset: {fileID: 0}
--- !u!1001 &3465889232169108622
PrefabInstance:
  m_ObjectHideFlags: 0
  serializedVersion: 2
  m_Modification:
    m_TransformParent: {fileID: 132209013682335815}
    m_Modifications:
    - target: {fileID: 7904058525339791656, guid: 98232124969cc2d49af5d7586d2169d6,
        type: 3}
      propertyPath: m_Name
      value: tornadoSpots (5)
      objectReference: {fileID: 0}
    - target: {fileID: 8726480317928807574, guid: 98232124969cc2d49af5d7586d2169d6,
        type: 3}
      propertyPath: m_LocalPosition.x
      value: 1.84
      objectReference: {fileID: 0}
    - target: {fileID: 8726480317928807574, guid: 98232124969cc2d49af5d7586d2169d6,
        type: 3}
      propertyPath: m_LocalPosition.y
      value: 0.14
      objectReference: {fileID: 0}
    - target: {fileID: 8726480317928807574, guid: 98232124969cc2d49af5d7586d2169d6,
        type: 3}
      propertyPath: m_LocalPosition.z
      value: 0.06996608
      objectReference: {fileID: 0}
    - target: {fileID: 8726480317928807574, guid: 98232124969cc2d49af5d7586d2169d6,
        type: 3}
      propertyPath: m_LocalRotation.x
      value: -0
      objectReference: {fileID: 0}
    - target: {fileID: 8726480317928807574, guid: 98232124969cc2d49af5d7586d2169d6,
        type: 3}
      propertyPath: m_LocalRotation.y
      value: -0
      objectReference: {fileID: 0}
    - target: {fileID: 8726480317928807574, guid: 98232124969cc2d49af5d7586d2169d6,
        type: 3}
      propertyPath: m_LocalRotation.z
      value: -0
      objectReference: {fileID: 0}
    - target: {fileID: 8726480317928807574, guid: 98232124969cc2d49af5d7586d2169d6,
        type: 3}
      propertyPath: m_LocalRotation.w
      value: 1
      objectReference: {fileID: 0}
    - target: {fileID: 8726480317928807574, guid: 98232124969cc2d49af5d7586d2169d6,
        type: 3}
      propertyPath: m_RootOrder
      value: 4
      objectReference: {fileID: 0}
    - target: {fileID: 8726480317928807574, guid: 98232124969cc2d49af5d7586d2169d6,
        type: 3}
      propertyPath: m_LocalEulerAnglesHint.x
      value: 0
      objectReference: {fileID: 0}
    - target: {fileID: 8726480317928807574, guid: 98232124969cc2d49af5d7586d2169d6,
        type: 3}
      propertyPath: m_LocalEulerAnglesHint.y
      value: 0
      objectReference: {fileID: 0}
    - target: {fileID: 8726480317928807574, guid: 98232124969cc2d49af5d7586d2169d6,
        type: 3}
      propertyPath: m_LocalEulerAnglesHint.z
      value: 0
      objectReference: {fileID: 0}
    m_RemovedComponents: []
  m_SourcePrefab: {fileID: 100100000, guid: 98232124969cc2d49af5d7586d2169d6, type: 3}
--- !u!4 &5261295602206971928 stripped
Transform:
  m_CorrespondingSourceObject: {fileID: 8726480317928807574, guid: 98232124969cc2d49af5d7586d2169d6,
    type: 3}
  m_PrefabInstance: {fileID: 3465889232169108622}
  m_PrefabAsset: {fileID: 0}
--- !u!1001 &4418903006208116755
PrefabInstance:
  m_ObjectHideFlags: 0
  serializedVersion: 2
  m_Modification:
    m_TransformParent: {fileID: 132209013682335815}
    m_Modifications:
    - target: {fileID: 7904058525339791656, guid: 98232124969cc2d49af5d7586d2169d6,
        type: 3}
      propertyPath: m_Name
      value: tornadoSpots (13)
      objectReference: {fileID: 0}
    - target: {fileID: 8726480317928807574, guid: 98232124969cc2d49af5d7586d2169d6,
        type: 3}
      propertyPath: m_LocalPosition.x
      value: 0.046488047
      objectReference: {fileID: 0}
    - target: {fileID: 8726480317928807574, guid: 98232124969cc2d49af5d7586d2169d6,
        type: 3}
      propertyPath: m_LocalPosition.y
      value: 1.4412727
      objectReference: {fileID: 0}
    - target: {fileID: 8726480317928807574, guid: 98232124969cc2d49af5d7586d2169d6,
        type: 3}
      propertyPath: m_LocalPosition.z
      value: 0.06996608
      objectReference: {fileID: 0}
    - target: {fileID: 8726480317928807574, guid: 98232124969cc2d49af5d7586d2169d6,
        type: 3}
      propertyPath: m_LocalRotation.x
      value: -0
      objectReference: {fileID: 0}
    - target: {fileID: 8726480317928807574, guid: 98232124969cc2d49af5d7586d2169d6,
        type: 3}
      propertyPath: m_LocalRotation.y
      value: -0
      objectReference: {fileID: 0}
    - target: {fileID: 8726480317928807574, guid: 98232124969cc2d49af5d7586d2169d6,
        type: 3}
      propertyPath: m_LocalRotation.z
      value: -0
      objectReference: {fileID: 0}
    - target: {fileID: 8726480317928807574, guid: 98232124969cc2d49af5d7586d2169d6,
        type: 3}
      propertyPath: m_LocalRotation.w
      value: 1
      objectReference: {fileID: 0}
    - target: {fileID: 8726480317928807574, guid: 98232124969cc2d49af5d7586d2169d6,
        type: 3}
      propertyPath: m_RootOrder
      value: 9
      objectReference: {fileID: 0}
    - target: {fileID: 8726480317928807574, guid: 98232124969cc2d49af5d7586d2169d6,
        type: 3}
      propertyPath: m_LocalEulerAnglesHint.x
      value: 0
      objectReference: {fileID: 0}
    - target: {fileID: 8726480317928807574, guid: 98232124969cc2d49af5d7586d2169d6,
        type: 3}
      propertyPath: m_LocalEulerAnglesHint.y
      value: 0
      objectReference: {fileID: 0}
    - target: {fileID: 8726480317928807574, guid: 98232124969cc2d49af5d7586d2169d6,
        type: 3}
      propertyPath: m_LocalEulerAnglesHint.z
      value: 0
      objectReference: {fileID: 0}
    m_RemovedComponents: []
  m_SourcePrefab: {fileID: 100100000, guid: 98232124969cc2d49af5d7586d2169d6, type: 3}
--- !u!4 &4920665563793282181 stripped
Transform:
  m_CorrespondingSourceObject: {fileID: 8726480317928807574, guid: 98232124969cc2d49af5d7586d2169d6,
    type: 3}
  m_PrefabInstance: {fileID: 4418903006208116755}
  m_PrefabAsset: {fileID: 0}
--- !u!1001 &5661665161278148608
PrefabInstance:
  m_ObjectHideFlags: 0
  serializedVersion: 2
  m_Modification:
    m_TransformParent: {fileID: 132209013682335815}
    m_Modifications:
    - target: {fileID: 7904058525339791656, guid: 98232124969cc2d49af5d7586d2169d6,
        type: 3}
      propertyPath: m_Name
      value: tornadoSpots (20)
      objectReference: {fileID: 0}
    - target: {fileID: 8726480317928807574, guid: 98232124969cc2d49af5d7586d2169d6,
        type: 3}
      propertyPath: m_LocalPosition.x
      value: -1.06
      objectReference: {fileID: 0}
    - target: {fileID: 8726480317928807574, guid: 98232124969cc2d49af5d7586d2169d6,
        type: 3}
      propertyPath: m_LocalPosition.y
      value: 1.24
      objectReference: {fileID: 0}
    - target: {fileID: 8726480317928807574, guid: 98232124969cc2d49af5d7586d2169d6,
        type: 3}
      propertyPath: m_LocalPosition.z
      value: 0.06996608
      objectReference: {fileID: 0}
    - target: {fileID: 8726480317928807574, guid: 98232124969cc2d49af5d7586d2169d6,
        type: 3}
      propertyPath: m_LocalRotation.x
      value: -0
      objectReference: {fileID: 0}
    - target: {fileID: 8726480317928807574, guid: 98232124969cc2d49af5d7586d2169d6,
        type: 3}
      propertyPath: m_LocalRotation.y
      value: -0
      objectReference: {fileID: 0}
    - target: {fileID: 8726480317928807574, guid: 98232124969cc2d49af5d7586d2169d6,
        type: 3}
      propertyPath: m_LocalRotation.z
      value: -0
      objectReference: {fileID: 0}
    - target: {fileID: 8726480317928807574, guid: 98232124969cc2d49af5d7586d2169d6,
        type: 3}
      propertyPath: m_LocalRotation.w
      value: 1
      objectReference: {fileID: 0}
    - target: {fileID: 8726480317928807574, guid: 98232124969cc2d49af5d7586d2169d6,
        type: 3}
      propertyPath: m_RootOrder
      value: 13
      objectReference: {fileID: 0}
    - target: {fileID: 8726480317928807574, guid: 98232124969cc2d49af5d7586d2169d6,
        type: 3}
      propertyPath: m_LocalEulerAnglesHint.x
      value: 0
      objectReference: {fileID: 0}
    - target: {fileID: 8726480317928807574, guid: 98232124969cc2d49af5d7586d2169d6,
        type: 3}
      propertyPath: m_LocalEulerAnglesHint.y
      value: 0
      objectReference: {fileID: 0}
    - target: {fileID: 8726480317928807574, guid: 98232124969cc2d49af5d7586d2169d6,
        type: 3}
      propertyPath: m_LocalEulerAnglesHint.z
      value: 0
      objectReference: {fileID: 0}
    m_RemovedComponents: []
  m_SourcePrefab: {fileID: 100100000, guid: 98232124969cc2d49af5d7586d2169d6, type: 3}
--- !u!4 &4001705464019930262 stripped
Transform:
  m_CorrespondingSourceObject: {fileID: 8726480317928807574, guid: 98232124969cc2d49af5d7586d2169d6,
    type: 3}
  m_PrefabInstance: {fileID: 5661665161278148608}
  m_PrefabAsset: {fileID: 0}
--- !u!1001 &5923094073585950082
PrefabInstance:
  m_ObjectHideFlags: 0
  serializedVersion: 2
  m_Modification:
    m_TransformParent: {fileID: 132209013682335815}
    m_Modifications:
    - target: {fileID: 7904058525339791656, guid: 98232124969cc2d49af5d7586d2169d6,
        type: 3}
      propertyPath: m_Name
      value: tornadoSpots (2)
      objectReference: {fileID: 0}
    - target: {fileID: 8726480317928807574, guid: 98232124969cc2d49af5d7586d2169d6,
        type: 3}
      propertyPath: m_LocalPosition.x
      value: -2.25
      objectReference: {fileID: 0}
    - target: {fileID: 8726480317928807574, guid: 98232124969cc2d49af5d7586d2169d6,
        type: 3}
      propertyPath: m_LocalPosition.y
      value: -2.44
      objectReference: {fileID: 0}
    - target: {fileID: 8726480317928807574, guid: 98232124969cc2d49af5d7586d2169d6,
        type: 3}
      propertyPath: m_LocalPosition.z
      value: 0.06996608
      objectReference: {fileID: 0}
    - target: {fileID: 8726480317928807574, guid: 98232124969cc2d49af5d7586d2169d6,
        type: 3}
      propertyPath: m_LocalRotation.x
      value: -0
      objectReference: {fileID: 0}
    - target: {fileID: 8726480317928807574, guid: 98232124969cc2d49af5d7586d2169d6,
        type: 3}
      propertyPath: m_LocalRotation.y
      value: -0
      objectReference: {fileID: 0}
    - target: {fileID: 8726480317928807574, guid: 98232124969cc2d49af5d7586d2169d6,
        type: 3}
      propertyPath: m_LocalRotation.z
      value: -0
      objectReference: {fileID: 0}
    - target: {fileID: 8726480317928807574, guid: 98232124969cc2d49af5d7586d2169d6,
        type: 3}
      propertyPath: m_LocalRotation.w
      value: 1
      objectReference: {fileID: 0}
    - target: {fileID: 8726480317928807574, guid: 98232124969cc2d49af5d7586d2169d6,
        type: 3}
      propertyPath: m_RootOrder
      value: 1
      objectReference: {fileID: 0}
    - target: {fileID: 8726480317928807574, guid: 98232124969cc2d49af5d7586d2169d6,
        type: 3}
      propertyPath: m_LocalEulerAnglesHint.x
      value: 0
      objectReference: {fileID: 0}
    - target: {fileID: 8726480317928807574, guid: 98232124969cc2d49af5d7586d2169d6,
        type: 3}
      propertyPath: m_LocalEulerAnglesHint.y
      value: 0
      objectReference: {fileID: 0}
    - target: {fileID: 8726480317928807574, guid: 98232124969cc2d49af5d7586d2169d6,
        type: 3}
      propertyPath: m_LocalEulerAnglesHint.z
      value: 0
      objectReference: {fileID: 0}
    m_RemovedComponents: []
  m_SourcePrefab: {fileID: 100100000, guid: 98232124969cc2d49af5d7586d2169d6, type: 3}
--- !u!4 &3110194248744059156 stripped
Transform:
  m_CorrespondingSourceObject: {fileID: 8726480317928807574, guid: 98232124969cc2d49af5d7586d2169d6,
    type: 3}
  m_PrefabInstance: {fileID: 5923094073585950082}
  m_PrefabAsset: {fileID: 0}
--- !u!1001 &6169556285826287942
PrefabInstance:
  m_ObjectHideFlags: 0
  serializedVersion: 2
  m_Modification:
    m_TransformParent: {fileID: 132209013682335815}
    m_Modifications:
    - target: {fileID: 7904058525339791656, guid: 98232124969cc2d49af5d7586d2169d6,
        type: 3}
      propertyPath: m_Name
      value: tornadoSpots (21)
      objectReference: {fileID: 0}
    - target: {fileID: 8726480317928807574, guid: 98232124969cc2d49af5d7586d2169d6,
        type: 3}
      propertyPath: m_LocalPosition.x
      value: 2.58
      objectReference: {fileID: 0}
    - target: {fileID: 8726480317928807574, guid: 98232124969cc2d49af5d7586d2169d6,
        type: 3}
      propertyPath: m_LocalPosition.y
      value: 1.36
      objectReference: {fileID: 0}
    - target: {fileID: 8726480317928807574, guid: 98232124969cc2d49af5d7586d2169d6,
        type: 3}
      propertyPath: m_LocalPosition.z
      value: 0.06996608
      objectReference: {fileID: 0}
    - target: {fileID: 8726480317928807574, guid: 98232124969cc2d49af5d7586d2169d6,
        type: 3}
      propertyPath: m_LocalRotation.x
      value: -0
      objectReference: {fileID: 0}
    - target: {fileID: 8726480317928807574, guid: 98232124969cc2d49af5d7586d2169d6,
        type: 3}
      propertyPath: m_LocalRotation.y
      value: -0
      objectReference: {fileID: 0}
    - target: {fileID: 8726480317928807574, guid: 98232124969cc2d49af5d7586d2169d6,
        type: 3}
      propertyPath: m_LocalRotation.z
      value: -0
      objectReference: {fileID: 0}
    - target: {fileID: 8726480317928807574, guid: 98232124969cc2d49af5d7586d2169d6,
        type: 3}
      propertyPath: m_LocalRotation.w
      value: 1
      objectReference: {fileID: 0}
    - target: {fileID: 8726480317928807574, guid: 98232124969cc2d49af5d7586d2169d6,
        type: 3}
      propertyPath: m_RootOrder
      value: 14
      objectReference: {fileID: 0}
    - target: {fileID: 8726480317928807574, guid: 98232124969cc2d49af5d7586d2169d6,
        type: 3}
      propertyPath: m_LocalEulerAnglesHint.x
      value: 0
      objectReference: {fileID: 0}
    - target: {fileID: 8726480317928807574, guid: 98232124969cc2d49af5d7586d2169d6,
        type: 3}
      propertyPath: m_LocalEulerAnglesHint.y
      value: 0
      objectReference: {fileID: 0}
    - target: {fileID: 8726480317928807574, guid: 98232124969cc2d49af5d7586d2169d6,
        type: 3}
      propertyPath: m_LocalEulerAnglesHint.z
      value: 0
      objectReference: {fileID: 0}
    m_RemovedComponents: []
  m_SourcePrefab: {fileID: 100100000, guid: 98232124969cc2d49af5d7586d2169d6, type: 3}
--- !u!4 &3207694728764184016 stripped
Transform:
  m_CorrespondingSourceObject: {fileID: 8726480317928807574, guid: 98232124969cc2d49af5d7586d2169d6,
    type: 3}
  m_PrefabInstance: {fileID: 6169556285826287942}
  m_PrefabAsset: {fileID: 0}
--- !u!1001 &6455070724168326415
PrefabInstance:
  m_ObjectHideFlags: 0
  serializedVersion: 2
  m_Modification:
    m_TransformParent: {fileID: 132209013682335815}
    m_Modifications:
    - target: {fileID: 7904058525339791656, guid: 98232124969cc2d49af5d7586d2169d6,
        type: 3}
      propertyPath: m_Name
      value: tornadoSpots (15)
      objectReference: {fileID: 0}
    - target: {fileID: 8726480317928807574, guid: 98232124969cc2d49af5d7586d2169d6,
        type: 3}
      propertyPath: m_LocalPosition.x
      value: 3.115574
      objectReference: {fileID: 0}
    - target: {fileID: 8726480317928807574, guid: 98232124969cc2d49af5d7586d2169d6,
        type: 3}
      propertyPath: m_LocalPosition.y
      value: 0.013208181
      objectReference: {fileID: 0}
    - target: {fileID: 8726480317928807574, guid: 98232124969cc2d49af5d7586d2169d6,
        type: 3}
      propertyPath: m_LocalPosition.z
      value: 0.06996608
      objectReference: {fileID: 0}
    - target: {fileID: 8726480317928807574, guid: 98232124969cc2d49af5d7586d2169d6,
        type: 3}
      propertyPath: m_LocalRotation.x
      value: -0
      objectReference: {fileID: 0}
    - target: {fileID: 8726480317928807574, guid: 98232124969cc2d49af5d7586d2169d6,
        type: 3}
      propertyPath: m_LocalRotation.y
      value: -0
      objectReference: {fileID: 0}
    - target: {fileID: 8726480317928807574, guid: 98232124969cc2d49af5d7586d2169d6,
        type: 3}
      propertyPath: m_LocalRotation.z
      value: -0
      objectReference: {fileID: 0}
    - target: {fileID: 8726480317928807574, guid: 98232124969cc2d49af5d7586d2169d6,
        type: 3}
      propertyPath: m_LocalRotation.w
      value: 1
      objectReference: {fileID: 0}
    - target: {fileID: 8726480317928807574, guid: 98232124969cc2d49af5d7586d2169d6,
        type: 3}
      propertyPath: m_RootOrder
      value: 10
      objectReference: {fileID: 0}
    - target: {fileID: 8726480317928807574, guid: 98232124969cc2d49af5d7586d2169d6,
        type: 3}
      propertyPath: m_LocalEulerAnglesHint.x
      value: 0
      objectReference: {fileID: 0}
    - target: {fileID: 8726480317928807574, guid: 98232124969cc2d49af5d7586d2169d6,
        type: 3}
      propertyPath: m_LocalEulerAnglesHint.y
      value: 0
      objectReference: {fileID: 0}
    - target: {fileID: 8726480317928807574, guid: 98232124969cc2d49af5d7586d2169d6,
        type: 3}
      propertyPath: m_LocalEulerAnglesHint.z
      value: 0
      objectReference: {fileID: 0}
    m_RemovedComponents: []
  m_SourcePrefab: {fileID: 100100000, guid: 98232124969cc2d49af5d7586d2169d6, type: 3}
--- !u!4 &2346281959376159129 stripped
Transform:
  m_CorrespondingSourceObject: {fileID: 8726480317928807574, guid: 98232124969cc2d49af5d7586d2169d6,
    type: 3}
  m_PrefabInstance: {fileID: 6455070724168326415}
  m_PrefabAsset: {fileID: 0}
--- !u!1001 &6556304859997893683
PrefabInstance:
  m_ObjectHideFlags: 0
  serializedVersion: 2
  m_Modification:
    m_TransformParent: {fileID: 132209013682335815}
    m_Modifications:
    - target: {fileID: 7904058525339791656, guid: 98232124969cc2d49af5d7586d2169d6,
        type: 3}
      propertyPath: m_Name
      value: tornadoSpots (6)
      objectReference: {fileID: 0}
    - target: {fileID: 8726480317928807574, guid: 98232124969cc2d49af5d7586d2169d6,
        type: 3}
      propertyPath: m_LocalPosition.x
      value: 2.323925
      objectReference: {fileID: 0}
    - target: {fileID: 8726480317928807574, guid: 98232124969cc2d49af5d7586d2169d6,
        type: 3}
      propertyPath: m_LocalPosition.y
      value: -2.1281574
      objectReference: {fileID: 0}
    - target: {fileID: 8726480317928807574, guid: 98232124969cc2d49af5d7586d2169d6,
        type: 3}
      propertyPath: m_LocalPosition.z
      value: 0.06996608
      objectReference: {fileID: 0}
    - target: {fileID: 8726480317928807574, guid: 98232124969cc2d49af5d7586d2169d6,
        type: 3}
      propertyPath: m_LocalRotation.x
      value: -0
      objectReference: {fileID: 0}
    - target: {fileID: 8726480317928807574, guid: 98232124969cc2d49af5d7586d2169d6,
        type: 3}
      propertyPath: m_LocalRotation.y
      value: -0
      objectReference: {fileID: 0}
    - target: {fileID: 8726480317928807574, guid: 98232124969cc2d49af5d7586d2169d6,
        type: 3}
      propertyPath: m_LocalRotation.z
      value: -0
      objectReference: {fileID: 0}
    - target: {fileID: 8726480317928807574, guid: 98232124969cc2d49af5d7586d2169d6,
        type: 3}
      propertyPath: m_LocalRotation.w
      value: 1
      objectReference: {fileID: 0}
    - target: {fileID: 8726480317928807574, guid: 98232124969cc2d49af5d7586d2169d6,
        type: 3}
      propertyPath: m_RootOrder
      value: 5
      objectReference: {fileID: 0}
    - target: {fileID: 8726480317928807574, guid: 98232124969cc2d49af5d7586d2169d6,
        type: 3}
      propertyPath: m_LocalEulerAnglesHint.x
      value: 0
      objectReference: {fileID: 0}
    - target: {fileID: 8726480317928807574, guid: 98232124969cc2d49af5d7586d2169d6,
        type: 3}
      propertyPath: m_LocalEulerAnglesHint.y
      value: 0
      objectReference: {fileID: 0}
    - target: {fileID: 8726480317928807574, guid: 98232124969cc2d49af5d7586d2169d6,
        type: 3}
      propertyPath: m_LocalEulerAnglesHint.z
      value: 0
      objectReference: {fileID: 0}
    m_RemovedComponents: []
  m_SourcePrefab: {fileID: 100100000, guid: 98232124969cc2d49af5d7586d2169d6, type: 3}
--- !u!4 &2586758428101896357 stripped
Transform:
  m_CorrespondingSourceObject: {fileID: 8726480317928807574, guid: 98232124969cc2d49af5d7586d2169d6,
    type: 3}
  m_PrefabInstance: {fileID: 6556304859997893683}
  m_PrefabAsset: {fileID: 0}
--- !u!1001 &6615930772638463044
PrefabInstance:
  m_ObjectHideFlags: 0
  serializedVersion: 2
  m_Modification:
    m_TransformParent: {fileID: 132209013682335815}
    m_Modifications:
    - target: {fileID: 7904058525339791656, guid: 98232124969cc2d49af5d7586d2169d6,
        type: 3}
      propertyPath: m_Name
      value: tornadoSpots (7)
      objectReference: {fileID: 0}
    - target: {fileID: 8726480317928807574, guid: 98232124969cc2d49af5d7586d2169d6,
        type: 3}
      propertyPath: m_LocalPosition.x
      value: -1.536737
      objectReference: {fileID: 0}
    - target: {fileID: 8726480317928807574, guid: 98232124969cc2d49af5d7586d2169d6,
        type: 3}
      propertyPath: m_LocalPosition.y
      value: 0.3163667
      objectReference: {fileID: 0}
    - target: {fileID: 8726480317928807574, guid: 98232124969cc2d49af5d7586d2169d6,
        type: 3}
      propertyPath: m_LocalPosition.z
      value: 0.06996608
      objectReference: {fileID: 0}
    - target: {fileID: 8726480317928807574, guid: 98232124969cc2d49af5d7586d2169d6,
        type: 3}
      propertyPath: m_LocalRotation.x
      value: -0
      objectReference: {fileID: 0}
    - target: {fileID: 8726480317928807574, guid: 98232124969cc2d49af5d7586d2169d6,
        type: 3}
      propertyPath: m_LocalRotation.y
      value: -0
      objectReference: {fileID: 0}
    - target: {fileID: 8726480317928807574, guid: 98232124969cc2d49af5d7586d2169d6,
        type: 3}
      propertyPath: m_LocalRotation.z
      value: -0
      objectReference: {fileID: 0}
    - target: {fileID: 8726480317928807574, guid: 98232124969cc2d49af5d7586d2169d6,
        type: 3}
      propertyPath: m_LocalRotation.w
      value: 1
      objectReference: {fileID: 0}
    - target: {fileID: 8726480317928807574, guid: 98232124969cc2d49af5d7586d2169d6,
        type: 3}
      propertyPath: m_RootOrder
      value: 6
      objectReference: {fileID: 0}
    - target: {fileID: 8726480317928807574, guid: 98232124969cc2d49af5d7586d2169d6,
        type: 3}
      propertyPath: m_LocalEulerAnglesHint.x
      value: 0
      objectReference: {fileID: 0}
    - target: {fileID: 8726480317928807574, guid: 98232124969cc2d49af5d7586d2169d6,
        type: 3}
      propertyPath: m_LocalEulerAnglesHint.y
      value: 0
      objectReference: {fileID: 0}
    - target: {fileID: 8726480317928807574, guid: 98232124969cc2d49af5d7586d2169d6,
        type: 3}
      propertyPath: m_LocalEulerAnglesHint.z
      value: 0
      objectReference: {fileID: 0}
    m_RemovedComponents: []
  m_SourcePrefab: {fileID: 100100000, guid: 98232124969cc2d49af5d7586d2169d6, type: 3}
--- !u!4 &2506867138479089874 stripped
Transform:
  m_CorrespondingSourceObject: {fileID: 8726480317928807574, guid: 98232124969cc2d49af5d7586d2169d6,
    type: 3}
  m_PrefabInstance: {fileID: 6615930772638463044}
  m_PrefabAsset: {fileID: 0}
--- !u!1001 &7145587342139502020
PrefabInstance:
  m_ObjectHideFlags: 0
  serializedVersion: 2
  m_Modification:
    m_TransformParent: {fileID: 132209013682335815}
    m_Modifications:
    - target: {fileID: 7904058525339791656, guid: 98232124969cc2d49af5d7586d2169d6,
        type: 3}
      propertyPath: m_Name
      value: tornadoSpots (16)
      objectReference: {fileID: 0}
    - target: {fileID: 8726480317928807574, guid: 98232124969cc2d49af5d7586d2169d6,
        type: 3}
      propertyPath: m_LocalPosition.x
      value: -1.85
      objectReference: {fileID: 0}
    - target: {fileID: 8726480317928807574, guid: 98232124969cc2d49af5d7586d2169d6,
        type: 3}
      propertyPath: m_LocalPosition.y
      value: -0.89
      objectReference: {fileID: 0}
    - target: {fileID: 8726480317928807574, guid: 98232124969cc2d49af5d7586d2169d6,
        type: 3}
      propertyPath: m_LocalPosition.z
      value: 0.06996608
      objectReference: {fileID: 0}
    - target: {fileID: 8726480317928807574, guid: 98232124969cc2d49af5d7586d2169d6,
        type: 3}
      propertyPath: m_LocalRotation.x
      value: -0
      objectReference: {fileID: 0}
    - target: {fileID: 8726480317928807574, guid: 98232124969cc2d49af5d7586d2169d6,
        type: 3}
      propertyPath: m_LocalRotation.y
      value: -0
      objectReference: {fileID: 0}
    - target: {fileID: 8726480317928807574, guid: 98232124969cc2d49af5d7586d2169d6,
        type: 3}
      propertyPath: m_LocalRotation.z
      value: -0
      objectReference: {fileID: 0}
    - target: {fileID: 8726480317928807574, guid: 98232124969cc2d49af5d7586d2169d6,
        type: 3}
      propertyPath: m_LocalRotation.w
      value: 1
      objectReference: {fileID: 0}
    - target: {fileID: 8726480317928807574, guid: 98232124969cc2d49af5d7586d2169d6,
        type: 3}
      propertyPath: m_RootOrder
      value: 11
      objectReference: {fileID: 0}
    - target: {fileID: 8726480317928807574, guid: 98232124969cc2d49af5d7586d2169d6,
        type: 3}
      propertyPath: m_LocalEulerAnglesHint.x
      value: 0
      objectReference: {fileID: 0}
    - target: {fileID: 8726480317928807574, guid: 98232124969cc2d49af5d7586d2169d6,
        type: 3}
      propertyPath: m_LocalEulerAnglesHint.y
      value: 0
      objectReference: {fileID: 0}
    - target: {fileID: 8726480317928807574, guid: 98232124969cc2d49af5d7586d2169d6,
        type: 3}
      propertyPath: m_LocalEulerAnglesHint.z
      value: 0
      objectReference: {fileID: 0}
    m_RemovedComponents: []
  m_SourcePrefab: {fileID: 100100000, guid: 98232124969cc2d49af5d7586d2169d6, type: 3}
--- !u!4 &1887173485861876050 stripped
Transform:
  m_CorrespondingSourceObject: {fileID: 8726480317928807574, guid: 98232124969cc2d49af5d7586d2169d6,
    type: 3}
  m_PrefabInstance: {fileID: 7145587342139502020}
  m_PrefabAsset: {fileID: 0}
--- !u!1001 &7173988113741591188
PrefabInstance:
  m_ObjectHideFlags: 0
  serializedVersion: 2
  m_Modification:
    m_TransformParent: {fileID: 132209013682335815}
    m_Modifications:
    - target: {fileID: 7904058525339791656, guid: 98232124969cc2d49af5d7586d2169d6,
        type: 3}
      propertyPath: m_Name
      value: tornadoSpots (3)
      objectReference: {fileID: 0}
    - target: {fileID: 8726480317928807574, guid: 98232124969cc2d49af5d7586d2169d6,
        type: 3}
      propertyPath: m_LocalPosition.x
      value: 0.8656399
      objectReference: {fileID: 0}
    - target: {fileID: 8726480317928807574, guid: 98232124969cc2d49af5d7586d2169d6,
        type: 3}
      propertyPath: m_LocalPosition.y
      value: -1.6898291
      objectReference: {fileID: 0}
    - target: {fileID: 8726480317928807574, guid: 98232124969cc2d49af5d7586d2169d6,
        type: 3}
      propertyPath: m_LocalPosition.z
      value: 0.06996608
      objectReference: {fileID: 0}
    - target: {fileID: 8726480317928807574, guid: 98232124969cc2d49af5d7586d2169d6,
        type: 3}
      propertyPath: m_LocalRotation.x
      value: -0
      objectReference: {fileID: 0}
    - target: {fileID: 8726480317928807574, guid: 98232124969cc2d49af5d7586d2169d6,
        type: 3}
      propertyPath: m_LocalRotation.y
      value: -0
      objectReference: {fileID: 0}
    - target: {fileID: 8726480317928807574, guid: 98232124969cc2d49af5d7586d2169d6,
        type: 3}
      propertyPath: m_LocalRotation.z
      value: -0
      objectReference: {fileID: 0}
    - target: {fileID: 8726480317928807574, guid: 98232124969cc2d49af5d7586d2169d6,
        type: 3}
      propertyPath: m_LocalRotation.w
      value: 1
      objectReference: {fileID: 0}
    - target: {fileID: 8726480317928807574, guid: 98232124969cc2d49af5d7586d2169d6,
        type: 3}
      propertyPath: m_RootOrder
      value: 2
      objectReference: {fileID: 0}
    - target: {fileID: 8726480317928807574, guid: 98232124969cc2d49af5d7586d2169d6,
        type: 3}
      propertyPath: m_LocalEulerAnglesHint.x
      value: 0
      objectReference: {fileID: 0}
    - target: {fileID: 8726480317928807574, guid: 98232124969cc2d49af5d7586d2169d6,
        type: 3}
      propertyPath: m_LocalEulerAnglesHint.y
      value: 0
      objectReference: {fileID: 0}
    - target: {fileID: 8726480317928807574, guid: 98232124969cc2d49af5d7586d2169d6,
        type: 3}
      propertyPath: m_LocalEulerAnglesHint.z
      value: 0
      objectReference: {fileID: 0}
    m_RemovedComponents: []
  m_SourcePrefab: {fileID: 100100000, guid: 98232124969cc2d49af5d7586d2169d6, type: 3}
--- !u!4 &1915595216952536578 stripped
Transform:
  m_CorrespondingSourceObject: {fileID: 8726480317928807574, guid: 98232124969cc2d49af5d7586d2169d6,
    type: 3}
  m_PrefabInstance: {fileID: 7173988113741591188}
  m_PrefabAsset: {fileID: 0}
--- !u!1001 &7380767453746371862
PrefabInstance:
  m_ObjectHideFlags: 0
  serializedVersion: 2
  m_Modification:
    m_TransformParent: {fileID: 132209013682335815}
    m_Modifications:
    - target: {fileID: 7904058525339791656, guid: 98232124969cc2d49af5d7586d2169d6,
        type: 3}
      propertyPath: m_Name
      value: tornadoSpots (4)
      objectReference: {fileID: 0}
    - target: {fileID: 8726480317928807574, guid: 98232124969cc2d49af5d7586d2169d6,
        type: 3}
      propertyPath: m_LocalPosition.x
      value: 1.9530315
      objectReference: {fileID: 0}
    - target: {fileID: 8726480317928807574, guid: 98232124969cc2d49af5d7586d2169d6,
        type: 3}
      propertyPath: m_LocalPosition.y
      value: -0.89746594
      objectReference: {fileID: 0}
    - target: {fileID: 8726480317928807574, guid: 98232124969cc2d49af5d7586d2169d6,
        type: 3}
      propertyPath: m_LocalPosition.z
      value: 0.06996608
      objectReference: {fileID: 0}
    - target: {fileID: 8726480317928807574, guid: 98232124969cc2d49af5d7586d2169d6,
        type: 3}
      propertyPath: m_LocalRotation.x
      value: -0
      objectReference: {fileID: 0}
    - target: {fileID: 8726480317928807574, guid: 98232124969cc2d49af5d7586d2169d6,
        type: 3}
      propertyPath: m_LocalRotation.y
      value: -0
      objectReference: {fileID: 0}
    - target: {fileID: 8726480317928807574, guid: 98232124969cc2d49af5d7586d2169d6,
        type: 3}
      propertyPath: m_LocalRotation.z
      value: -0
      objectReference: {fileID: 0}
    - target: {fileID: 8726480317928807574, guid: 98232124969cc2d49af5d7586d2169d6,
        type: 3}
      propertyPath: m_LocalRotation.w
      value: 1
      objectReference: {fileID: 0}
    - target: {fileID: 8726480317928807574, guid: 98232124969cc2d49af5d7586d2169d6,
        type: 3}
      propertyPath: m_RootOrder
      value: 3
      objectReference: {fileID: 0}
    - target: {fileID: 8726480317928807574, guid: 98232124969cc2d49af5d7586d2169d6,
        type: 3}
      propertyPath: m_LocalEulerAnglesHint.x
      value: 0
      objectReference: {fileID: 0}
    - target: {fileID: 8726480317928807574, guid: 98232124969cc2d49af5d7586d2169d6,
        type: 3}
      propertyPath: m_LocalEulerAnglesHint.y
      value: 0
      objectReference: {fileID: 0}
    - target: {fileID: 8726480317928807574, guid: 98232124969cc2d49af5d7586d2169d6,
        type: 3}
      propertyPath: m_LocalEulerAnglesHint.z
      value: 0
      objectReference: {fileID: 0}
    m_RemovedComponents: []
  m_SourcePrefab: {fileID: 100100000, guid: 98232124969cc2d49af5d7586d2169d6, type: 3}
--- !u!4 &2267403505767842176 stripped
Transform:
  m_CorrespondingSourceObject: {fileID: 8726480317928807574, guid: 98232124969cc2d49af5d7586d2169d6,
    type: 3}
  m_PrefabInstance: {fileID: 7380767453746371862}
  m_PrefabAsset: {fileID: 0}
--- !u!1001 &7763656064196342408
PrefabInstance:
  m_ObjectHideFlags: 0
  serializedVersion: 2
  m_Modification:
    m_TransformParent: {fileID: 132209013682335815}
    m_Modifications:
    - target: {fileID: 7904058525339791656, guid: 98232124969cc2d49af5d7586d2169d6,
        type: 3}
      propertyPath: m_Name
      value: tornadoSpots (25)
      objectReference: {fileID: 0}
    - target: {fileID: 8726480317928807574, guid: 98232124969cc2d49af5d7586d2169d6,
        type: 3}
      propertyPath: m_LocalPosition.x
      value: -3.07
      objectReference: {fileID: 0}
    - target: {fileID: 8726480317928807574, guid: 98232124969cc2d49af5d7586d2169d6,
        type: 3}
      propertyPath: m_LocalPosition.y
      value: -0.94
      objectReference: {fileID: 0}
    - target: {fileID: 8726480317928807574, guid: 98232124969cc2d49af5d7586d2169d6,
        type: 3}
      propertyPath: m_LocalPosition.z
      value: 0.06996608
      objectReference: {fileID: 0}
    - target: {fileID: 8726480317928807574, guid: 98232124969cc2d49af5d7586d2169d6,
        type: 3}
      propertyPath: m_LocalRotation.x
      value: -0
      objectReference: {fileID: 0}
    - target: {fileID: 8726480317928807574, guid: 98232124969cc2d49af5d7586d2169d6,
        type: 3}
      propertyPath: m_LocalRotation.y
      value: -0
      objectReference: {fileID: 0}
    - target: {fileID: 8726480317928807574, guid: 98232124969cc2d49af5d7586d2169d6,
        type: 3}
      propertyPath: m_LocalRotation.z
      value: -0
      objectReference: {fileID: 0}
    - target: {fileID: 8726480317928807574, guid: 98232124969cc2d49af5d7586d2169d6,
        type: 3}
      propertyPath: m_LocalRotation.w
      value: 1
      objectReference: {fileID: 0}
    - target: {fileID: 8726480317928807574, guid: 98232124969cc2d49af5d7586d2169d6,
        type: 3}
      propertyPath: m_RootOrder
      value: 16
      objectReference: {fileID: 0}
    - target: {fileID: 8726480317928807574, guid: 98232124969cc2d49af5d7586d2169d6,
        type: 3}
      propertyPath: m_LocalEulerAnglesHint.x
      value: 0
      objectReference: {fileID: 0}
    - target: {fileID: 8726480317928807574, guid: 98232124969cc2d49af5d7586d2169d6,
        type: 3}
      propertyPath: m_LocalEulerAnglesHint.y
      value: 0
      objectReference: {fileID: 0}
    - target: {fileID: 8726480317928807574, guid: 98232124969cc2d49af5d7586d2169d6,
        type: 3}
      propertyPath: m_LocalEulerAnglesHint.z
      value: 0
      objectReference: {fileID: 0}
    m_RemovedComponents: []
  m_SourcePrefab: {fileID: 100100000, guid: 98232124969cc2d49af5d7586d2169d6, type: 3}
--- !u!4 &1343378443994099230 stripped
Transform:
  m_CorrespondingSourceObject: {fileID: 8726480317928807574, guid: 98232124969cc2d49af5d7586d2169d6,
    type: 3}
  m_PrefabInstance: {fileID: 7763656064196342408}
  m_PrefabAsset: {fileID: 0}
--- !u!1001 &8095843193450893347
PrefabInstance:
  m_ObjectHideFlags: 0
  serializedVersion: 2
  m_Modification:
    m_TransformParent: {fileID: 132209013682335815}
    m_Modifications:
    - target: {fileID: 7904058525339791656, guid: 98232124969cc2d49af5d7586d2169d6,
        type: 3}
      propertyPath: m_Name
      value: tornadoSpots (31)
      objectReference: {fileID: 0}
    - target: {fileID: 8726480317928807574, guid: 98232124969cc2d49af5d7586d2169d6,
        type: 3}
      propertyPath: m_LocalPosition.x
      value: 1.56
      objectReference: {fileID: 0}
    - target: {fileID: 8726480317928807574, guid: 98232124969cc2d49af5d7586d2169d6,
        type: 3}
      propertyPath: m_LocalPosition.y
      value: 2.21
      objectReference: {fileID: 0}
    - target: {fileID: 8726480317928807574, guid: 98232124969cc2d49af5d7586d2169d6,
        type: 3}
      propertyPath: m_LocalPosition.z
      value: 0.06996608
      objectReference: {fileID: 0}
    - target: {fileID: 8726480317928807574, guid: 98232124969cc2d49af5d7586d2169d6,
        type: 3}
      propertyPath: m_LocalRotation.x
      value: -0
      objectReference: {fileID: 0}
    - target: {fileID: 8726480317928807574, guid: 98232124969cc2d49af5d7586d2169d6,
        type: 3}
      propertyPath: m_LocalRotation.y
      value: -0
      objectReference: {fileID: 0}
    - target: {fileID: 8726480317928807574, guid: 98232124969cc2d49af5d7586d2169d6,
        type: 3}
      propertyPath: m_LocalRotation.z
      value: -0
      objectReference: {fileID: 0}
    - target: {fileID: 8726480317928807574, guid: 98232124969cc2d49af5d7586d2169d6,
        type: 3}
      propertyPath: m_LocalRotation.w
      value: 1
      objectReference: {fileID: 0}
    - target: {fileID: 8726480317928807574, guid: 98232124969cc2d49af5d7586d2169d6,
        type: 3}
      propertyPath: m_RootOrder
      value: 19
      objectReference: {fileID: 0}
    - target: {fileID: 8726480317928807574, guid: 98232124969cc2d49af5d7586d2169d6,
        type: 3}
      propertyPath: m_LocalEulerAnglesHint.x
      value: 0
      objectReference: {fileID: 0}
    - target: {fileID: 8726480317928807574, guid: 98232124969cc2d49af5d7586d2169d6,
        type: 3}
      propertyPath: m_LocalEulerAnglesHint.y
      value: 0
      objectReference: {fileID: 0}
    - target: {fileID: 8726480317928807574, guid: 98232124969cc2d49af5d7586d2169d6,
        type: 3}
      propertyPath: m_LocalEulerAnglesHint.z
      value: 0
      objectReference: {fileID: 0}
    m_RemovedComponents: []
  m_SourcePrefab: {fileID: 100100000, guid: 98232124969cc2d49af5d7586d2169d6, type: 3}
--- !u!4 &666701936085568693 stripped
Transform:
  m_CorrespondingSourceObject: {fileID: 8726480317928807574, guid: 98232124969cc2d49af5d7586d2169d6,
    type: 3}
  m_PrefabInstance: {fileID: 8095843193450893347}
  m_PrefabAsset: {fileID: 0}
--- !u!1001 &8169915764294398403
PrefabInstance:
  m_ObjectHideFlags: 0
  serializedVersion: 2
  m_Modification:
    m_TransformParent: {fileID: 132209013682335815}
    m_Modifications:
    - target: {fileID: 7904058525339791656, guid: 98232124969cc2d49af5d7586d2169d6,
        type: 3}
      propertyPath: m_Name
      value: tornadoSpots (33)
      objectReference: {fileID: 0}
    - target: {fileID: 8726480317928807574, guid: 98232124969cc2d49af5d7586d2169d6,
        type: 3}
      propertyPath: m_LocalPosition.x
      value: -0.06625342
      objectReference: {fileID: 0}
    - target: {fileID: 8726480317928807574, guid: 98232124969cc2d49af5d7586d2169d6,
        type: 3}
      propertyPath: m_LocalPosition.y
      value: 2.6313267
      objectReference: {fileID: 0}
    - target: {fileID: 8726480317928807574, guid: 98232124969cc2d49af5d7586d2169d6,
        type: 3}
      propertyPath: m_LocalPosition.z
      value: 0.06996608
      objectReference: {fileID: 0}
    - target: {fileID: 8726480317928807574, guid: 98232124969cc2d49af5d7586d2169d6,
        type: 3}
      propertyPath: m_LocalRotation.x
      value: -0
      objectReference: {fileID: 0}
    - target: {fileID: 8726480317928807574, guid: 98232124969cc2d49af5d7586d2169d6,
        type: 3}
      propertyPath: m_LocalRotation.y
      value: -0
      objectReference: {fileID: 0}
    - target: {fileID: 8726480317928807574, guid: 98232124969cc2d49af5d7586d2169d6,
        type: 3}
      propertyPath: m_LocalRotation.z
      value: -0
      objectReference: {fileID: 0}
    - target: {fileID: 8726480317928807574, guid: 98232124969cc2d49af5d7586d2169d6,
        type: 3}
      propertyPath: m_LocalRotation.w
      value: 1
      objectReference: {fileID: 0}
    - target: {fileID: 8726480317928807574, guid: 98232124969cc2d49af5d7586d2169d6,
        type: 3}
      propertyPath: m_RootOrder
      value: 21
      objectReference: {fileID: 0}
    - target: {fileID: 8726480317928807574, guid: 98232124969cc2d49af5d7586d2169d6,
        type: 3}
      propertyPath: m_LocalEulerAnglesHint.x
      value: 0
      objectReference: {fileID: 0}
    - target: {fileID: 8726480317928807574, guid: 98232124969cc2d49af5d7586d2169d6,
        type: 3}
      propertyPath: m_LocalEulerAnglesHint.y
      value: 0
      objectReference: {fileID: 0}
    - target: {fileID: 8726480317928807574, guid: 98232124969cc2d49af5d7586d2169d6,
        type: 3}
      propertyPath: m_LocalEulerAnglesHint.z
      value: 0
      objectReference: {fileID: 0}
    m_RemovedComponents: []
  m_SourcePrefab: {fileID: 100100000, guid: 98232124969cc2d49af5d7586d2169d6, type: 3}
--- !u!4 &611346627356274005 stripped
Transform:
  m_CorrespondingSourceObject: {fileID: 8726480317928807574, guid: 98232124969cc2d49af5d7586d2169d6,
    type: 3}
  m_PrefabInstance: {fileID: 8169915764294398403}
  m_PrefabAsset: {fileID: 0}
--- !u!1001 &8898943600112830947
PrefabInstance:
  m_ObjectHideFlags: 0
  serializedVersion: 2
  m_Modification:
    m_TransformParent: {fileID: 132209013682335815}
    m_Modifications:
    - target: {fileID: 7904058525339791656, guid: 98232124969cc2d49af5d7586d2169d6,
        type: 3}
      propertyPath: m_Name
      value: tornadoSpots (17)
      objectReference: {fileID: 0}
    - target: {fileID: 8726480317928807574, guid: 98232124969cc2d49af5d7586d2169d6,
        type: 3}
      propertyPath: m_LocalPosition.x
      value: 3.140628
      objectReference: {fileID: 0}
    - target: {fileID: 8726480317928807574, guid: 98232124969cc2d49af5d7586d2169d6,
        type: 3}
      propertyPath: m_LocalPosition.y
      value: -1.3396947
      objectReference: {fileID: 0}
    - target: {fileID: 8726480317928807574, guid: 98232124969cc2d49af5d7586d2169d6,
        type: 3}
      propertyPath: m_LocalPosition.z
      value: 0.06996608
      objectReference: {fileID: 0}
    - target: {fileID: 8726480317928807574, guid: 98232124969cc2d49af5d7586d2169d6,
        type: 3}
      propertyPath: m_LocalRotation.x
      value: -0
      objectReference: {fileID: 0}
    - target: {fileID: 8726480317928807574, guid: 98232124969cc2d49af5d7586d2169d6,
        type: 3}
      propertyPath: m_LocalRotation.y
      value: -0
      objectReference: {fileID: 0}
    - target: {fileID: 8726480317928807574, guid: 98232124969cc2d49af5d7586d2169d6,
        type: 3}
      propertyPath: m_LocalRotation.z
      value: -0
      objectReference: {fileID: 0}
    - target: {fileID: 8726480317928807574, guid: 98232124969cc2d49af5d7586d2169d6,
        type: 3}
      propertyPath: m_LocalRotation.w
      value: 1
      objectReference: {fileID: 0}
    - target: {fileID: 8726480317928807574, guid: 98232124969cc2d49af5d7586d2169d6,
        type: 3}
      propertyPath: m_RootOrder
      value: 12
      objectReference: {fileID: 0}
    - target: {fileID: 8726480317928807574, guid: 98232124969cc2d49af5d7586d2169d6,
        type: 3}
      propertyPath: m_LocalEulerAnglesHint.x
      value: 0
      objectReference: {fileID: 0}
    - target: {fileID: 8726480317928807574, guid: 98232124969cc2d49af5d7586d2169d6,
        type: 3}
      propertyPath: m_LocalEulerAnglesHint.y
      value: 0
      objectReference: {fileID: 0}
    - target: {fileID: 8726480317928807574, guid: 98232124969cc2d49af5d7586d2169d6,
        type: 3}
      propertyPath: m_LocalEulerAnglesHint.z
      value: 0
      objectReference: {fileID: 0}
    m_RemovedComponents: []
  m_SourcePrefab: {fileID: 100100000, guid: 98232124969cc2d49af5d7586d2169d6, type: 3}
--- !u!4 &172765793944311157 stripped
Transform:
  m_CorrespondingSourceObject: {fileID: 8726480317928807574, guid: 98232124969cc2d49af5d7586d2169d6,
    type: 3}
  m_PrefabInstance: {fileID: 8898943600112830947}
  m_PrefabAsset: {fileID: 0}
--- !u!1001 &9201126519356986017
PrefabInstance:
  m_ObjectHideFlags: 0
  serializedVersion: 2
  m_Modification:
    m_TransformParent: {fileID: 132209013682335815}
    m_Modifications:
    - target: {fileID: 7904058525339791656, guid: 98232124969cc2d49af5d7586d2169d6,
        type: 3}
      propertyPath: m_Name
      value: tornadoSpots (12)
      objectReference: {fileID: 0}
    - target: {fileID: 8726480317928807574, guid: 98232124969cc2d49af5d7586d2169d6,
        type: 3}
      propertyPath: m_LocalPosition.x
      value: -2.19
      objectReference: {fileID: 0}
    - target: {fileID: 8726480317928807574, guid: 98232124969cc2d49af5d7586d2169d6,
        type: 3}
      propertyPath: m_LocalPosition.y
      value: 1.64
      objectReference: {fileID: 0}
    - target: {fileID: 8726480317928807574, guid: 98232124969cc2d49af5d7586d2169d6,
        type: 3}
      propertyPath: m_LocalPosition.z
      value: 0.06996608
      objectReference: {fileID: 0}
    - target: {fileID: 8726480317928807574, guid: 98232124969cc2d49af5d7586d2169d6,
        type: 3}
      propertyPath: m_LocalRotation.x
      value: -0
      objectReference: {fileID: 0}
    - target: {fileID: 8726480317928807574, guid: 98232124969cc2d49af5d7586d2169d6,
        type: 3}
      propertyPath: m_LocalRotation.y
      value: -0
      objectReference: {fileID: 0}
    - target: {fileID: 8726480317928807574, guid: 98232124969cc2d49af5d7586d2169d6,
        type: 3}
      propertyPath: m_LocalRotation.z
      value: -0
      objectReference: {fileID: 0}
    - target: {fileID: 8726480317928807574, guid: 98232124969cc2d49af5d7586d2169d6,
        type: 3}
      propertyPath: m_LocalRotation.w
      value: 1
      objectReference: {fileID: 0}
    - target: {fileID: 8726480317928807574, guid: 98232124969cc2d49af5d7586d2169d6,
        type: 3}
      propertyPath: m_RootOrder
      value: 8
      objectReference: {fileID: 0}
    - target: {fileID: 8726480317928807574, guid: 98232124969cc2d49af5d7586d2169d6,
        type: 3}
      propertyPath: m_LocalEulerAnglesHint.x
      value: 0
      objectReference: {fileID: 0}
    - target: {fileID: 8726480317928807574, guid: 98232124969cc2d49af5d7586d2169d6,
        type: 3}
      propertyPath: m_LocalEulerAnglesHint.y
      value: 0
      objectReference: {fileID: 0}
    - target: {fileID: 8726480317928807574, guid: 98232124969cc2d49af5d7586d2169d6,
        type: 3}
      propertyPath: m_LocalEulerAnglesHint.z
      value: 0
      objectReference: {fileID: 0}
    m_RemovedComponents: []
  m_SourcePrefab: {fileID: 100100000, guid: 98232124969cc2d49af5d7586d2169d6, type: 3}
--- !u!4 &480293396228247095 stripped
Transform:
  m_CorrespondingSourceObject: {fileID: 8726480317928807574, guid: 98232124969cc2d49af5d7586d2169d6,
    type: 3}
  m_PrefabInstance: {fileID: 9201126519356986017}
  m_PrefabAsset: {fileID: 0}
